<?xml version="1.0" encoding="UTF-8"?><collection xmlns="http://www.loc.gov/MARC21/slim"><record><leader>00556nam--2200205-u-4500</leader><controlfield tag="001">000050709</controlfield><controlfield tag="002">20161230</controlfield><controlfield tag="005">20161230201048</controlfield><controlfield tag="008">080321s1000------------r-----000-0-eng-d</controlfield><datafield ind1=" " ind2=" " tag="020"><subfield code="a">0-85404-674-7</subfield></datafield><datafield ind1=" " ind2=" " tag="040"><subfield code="a">IFIN-HH</subfield></datafield><datafield ind1=" " ind2=" " tag="080"><subfield code="a">54:50(091)</subfield></datafield><datafield ind1="1" ind2=" " tag="100"><subfield code="a">Ball,Philip</subfield></datafield><datafield ind1="1" ind2="0" tag="245"><subfield code="a">Elegant Solution</subfield><subfield code="b">The Beautiful Experiments in Chemistry</subfield><subfield code="c">Philip Ball</subfield></datafield><datafield ind1=" " ind2=" " tag="260"><subfield code="a">Cambridge</subfield><subfield code="b">Rsc</subfield><subfield code="c">2005</subfield></datafield><datafield ind1=" " ind2=" " tag="300"><subfield code="a">212 p</subfield></datafield><datafield ind1=" " ind2=" " tag="504"><subfield code="a">Includes Bibliographical References and Index</subfield></datafield><datafield ind1=" " ind2="4" tag="650"><subfield code="a">Elegant Solutions</subfield></datafield><datafield ind1=" " ind2=" " tag="852"><subfield code="c">54</subfield></datafield><datafield ind1=" " ind2=" " tag="CAT"><subfield code="a">Sys</subfield><subfield code="c">20110405</subfield><subfield code="h">142903</subfield></datafield></record></collection>